<?xml version = "1.0" encoding = "UTF-8"?><record>
  <leader>00521nam#a2200181#cc4500</leader>
  <controlfield tag="005">20210408081946.0</controlfield>
  <controlfield tag="008">901130|########gw############|||#|#ger#c</controlfield>
  <controlfield tag="003">DE-605</controlfield>
  <controlfield tag="001">990095828300206441</controlfield>
  <datafield tag="035" ind1=" " ind2=" ">
    <subfield code="a">(DE-605)HT003654516</subfield>
  </datafield>
  <datafield tag="040" ind1=" " ind2=" ">
    <subfield code="a">294</subfield>
    <subfield code="b">ger</subfield>
    <subfield code="e">rakwb</subfield>
  </datafield>
  <datafield tag="041" ind1=" " ind2=" ">
    <subfield code="a">ger</subfield>
  </datafield>
  <datafield tag="044" ind1=" " ind2=" ">
    <subfield code="c">XA-DE</subfield>
  </datafield>
  <datafield tag="110" ind1="2" ind2=" ">
    <subfield code="a">Bergbau-Berufsgenossenschaft</subfield>
    <subfield code="0">(DE-588)2005827-5</subfield>
    <subfield code="4">aut</subfield>
    <subfield code="9">O:H</subfield>
    <subfield code="0">(uri) https://portal.dnb.de/opac.htm?method=simpleSearch&amp;cqlMode=true&amp;query=idn=00466051X</subfield>
    <subfield code="0">(uri) http://viaf.org/viaf/sourceID/DNB|00466051X</subfield>
    <subfield code="B">GND-00466051X</subfield>
  </datafield>
  <datafield tag="245" ind1="1" ind2="0">
    <subfield code="a">Jahresbericht ...</subfield>
    <subfield code="n">1989 ([1990])</subfield>
  </datafield>
  <datafield tag="264" ind1=" " ind2="1">
    <subfield code="a">Bochum</subfield>
    <subfield code="b">Bergbau-Berufsgenossenschaft</subfield>
  </datafield>
  <datafield tag="773" ind1="0" ind2="8">
    <subfield code="w">(DE-605)HT002152208</subfield>
    <subfield code="q">1989</subfield>
  </datafield>
  <datafield tag="964" ind1="0" ind2="s">
    <subfield code="F">030</subfield>
    <subfield code="A">a|1uc||||||||</subfield>
  </datafield>
  <datafield tag="MBD" ind1=" " ind2=" ">
    <subfield code="M">49HBZ_NETWORK</subfield>
    <subfield code="i">990095828300206441</subfield>
    <subfield code="n">HBZ Network</subfield>
  </datafield>
  <datafield tag="MNG" ind1=" " ind2=" ">
    <subfield code="c">System</subfield>
    <subfield code="f">ILS</subfield>
    <subfield code="i">marc21</subfield>
    <subfield code="k">01</subfield>
    <subfield code="e">false</subfield>
    <subfield code="d">2021-04-08 08:19:46 Europe/Berlin</subfield>
    <subfield code="g">009582830-HBZ01</subfield>
    <subfield code="j">60</subfield>
    <subfield code="a">import</subfield>
    <subfield code="b">2021-04-05 15:17:25 Europe/Berlin</subfield>
  </datafield>
  <datafield tag="GKT" ind1="2" ind2=" ">
    <subfield code="a">Bergbau-BG</subfield>
    <subfield code="A">GND</subfield>
    <subfield code="B">GND-00466051X</subfield>
    <subfield code="C">410</subfield>
  </datafield>
  <datafield tag="GKT" ind1="2" ind2=" ">
    <subfield code="a">BBG</subfield>
    <subfield code="4">abku</subfield>
    <subfield code="4">http://d-nb.info/standards/elementset/gnd#abbreviatedNameForTheCorporateBody</subfield>
    <subfield code="w">r</subfield>
    <subfield code="i">Abkuerzung</subfield>
    <subfield code="e">Abkuerzung</subfield>
    <subfield code="A">GND</subfield>
    <subfield code="B">GND-00466051X</subfield>
    <subfield code="C">410</subfield>
  </datafield>
  <datafield tag="GSI" ind1="7" ind2=" ">
    <subfield code="a">http://d-nb.info/gnd/2005827-5</subfield>
    <subfield code="2">uri</subfield>
    <subfield code="A">GND</subfield>
    <subfield code="B">GND-00466051X</subfield>
    <subfield code="C">024</subfield>
  </datafield>
</record>